@article{Prosser93Hybrid,
 author = {Patrick Prosser},
 title = {Hybrid Algorithms For the Constraint Satisfaction Problem},
 journal = {Computational Intelligence},
 year = {1993},
 volume = {9},
 number = {3},
 pages = {268--299},
}
@book{kearney1984measuring,
  title={Measuring and Improving Productivity in Physical Distribution, 1984},
  author={Kearney, AT},
  year={1984},
  publisher={Council Of Logistics Mana}
}
@article{lenstra1981complexity,
  title={Complexity of vehicle routing and scheduling problems},
  author={Lenstra, Jan Karel and Kan, AHG Rinnooy},
  journal={Networks},
  volume={11},
  number={2},
  pages={221--227},
  year={1981},
  publisher={Wiley Online Library}
}
@article{wade2002investigation,
  title={An investigation into a new class of vehicle routing problem with backhauls},
  author={Wade, AC and Salhi, Said},
  journal={Omega},
  volume={30},
  number={6},
  pages={479--487},
  year={2002},
  publisher={Elsevier}
}
@article{crevier2007multi,
  title={The multi-depot vehicle routing problem with inter-depot routes},
  author={Crevier, Benoit and Cordeau, Jean-Fran{\c{c}}ois and Laporte, Gilbert},
  journal={European journal of operational research},
  volume={176},
  number={2},
  pages={756--773},
  year={2007},
  publisher={Elsevier}
}
@article{desaulniers2002vrp,
  title={VRP with Pickup and Delivery.},
  author={Desaulniers, Guy and Desrosiers, Jacques and Erdmann, Andreas and Solomon, Marius M and Soumis, Fran{\c{c}}ois},
  journal={The vehicle routing problem},
  volume={9},
  pages={225--242},
  year={2002},
  publisher={Philadelphia}
}
@article{bernard1959truck,
  title={The truck dispatching},
  author={Bernard, Dantzig George and Hubert, Ramser John},
  journal={Management Science},
  volume={6},
  pages={80--91},
  year={1959}
}
@inproceedings{golden1985vehicle,
  title={The vehicle routing problem with backhauling: two approaches},
  author={Golden, BL and Baker, E and Alfaro, J and Schaffer, J},
  booktitle={Proceedings of the twenty-first annual meeting of the SE TIMS, Myrtle Beach, SC, USA},
  year={1985}
}
@book{hasle2007geometric,
  title={Geometric modelling, numerical simulation, and optimization},
  author={Hasle, Geir and Lie, Knut-Andreas and Quak, Ewald},
  year={2007},
  publisher={Springer}
}
@article{goetschalckx1989vehicle,
  title={The vehicle routing problem with backhauls},
  author={Goetschalckx, Marc and Jacobs-Blecha, Charlotte},
  journal={European Journal of Operational Research},
  volume={42},
  number={1},
  pages={39--51},
  year={1989},
  publisher={Elsevier}
}
@article{bartholdi1988heuristics,
  title={Heuristics based on spacefilling curves for combinatorial problems in Euclidean space},
  author={Bartholdi III, John J and Platzman, Loren K},
  journal={Management Science},
  volume={34},
  number={3},
  pages={291--305},
  year={1988},
  publisher={INFORMS}
}
@article{clarke1964scheduling,
  title={Scheduling of vehicles from a central depot to a number of delivery points},
  author={Clarke, Geoff and Wright, John W},
  journal={Operations research},
  volume={12},
  number={4},
  pages={568--581},
  year={1964},
  publisher={Informs}
}
@article{goldberg1989genetic,
  title={Genetic algorithms in search, optimization, and machine learning, addison-wesley, reading, ma, 1989},
  author={Goldberg, DE},
  journal={NN Schraudolph and J},
  volume={3},
  number={1},
  year={1989}
}
@article{potvin1996genetic,
  title={A genetic algorithm for vehicle routing with backhauling},
  author={Potvin, Jean-Yves and Duhamel, Christophe and Guertin, Fran{\c{c}}ois},
  journal={Applied Intelligence},
  volume={6},
  number={4},
  pages={345--355},
  year={1996},
  publisher={Springer}
}
@incollection{glover1997tabu,
  title={Tabu search and adaptive memory programmingâ€”advances, applications and challenges},
  author={Glover, Fred},
  booktitle={Interfaces in computer science and operations research},
  pages={1--75},
  year={1997},
  publisher={Springer}
}
@article{duhamel1997tabu,
  title={A tabu search heuristic for the vehicle routing problem with backhauls and time windows},
  author={Duhamel, Christophe and Potvin, Jean-Yves and Rousseau, Jean-Marc},
  journal={Transportation science},
  volume={31},
  number={1},
  pages={49--59},
  year={1997},
  publisher={INFORMS}
}
@article{brandao2006new,
  title={A new tabu search algorithm for the vehicle routing problem with backhauls},
  author={Brand{\~a}o, Jos{\'e}},
  journal={European Journal of Operational Research},
  volume={173},
  number={2},
  pages={540--555},
  year={2006},
  publisher={Elsevier}
}
@article{mingozzi1999exact,
  title={An exact method for the vehicle routing problem with backhauls},
  author={Mingozzi, Aristide and Giorgi, Simone and Baldacci, Roberto},
  journal={Transportation Science},
  volume={33},
  number={3},
  pages={315--329},
  year={1999},
  publisher={INFORMS}
}
@article{toth1997exact,
  title={An exact algorithm for the vehicle routing problem with backhauls},
  author={Toth, Paolo and Vigo, Daniele},
  journal={Transportation science},
  volume={31},
  number={4},
  pages={372--385},
  year={1997},
  publisher={INFORMS}
}
@article{queiroga2020exact,
  title={On the exact solution of vehicle routing problems with backhauls},
  author={Queiroga, Eduardo and Frota, Yuri and Sadykov, Ruslan and Subramanian, Anand and Uchoa, Eduardo and Vidal, Thibaut},
  journal={European Journal of Operational Research},
  year={2020},
  publisher={Elsevier}
}
@book{toth2002vehicle,
  title={The vehicle routing problem},
  author={Toth, Paolo and Vigo, Daniele},
  year={2002},
  publisher={SIAM}
}